@article{alam2020genetic,
  title={Genetic Algorithm: Reviews, Implementations, and Applications},
  author={Alam, Tanweer and Qamar, Shamimul and Dixit, Amit and Benaida, Mohamed},
  journal={International Journal of Engineering Pedagogy},
  year={2020},
  url = {https://ssrn.com/abstract=3660827}
}

@unpublished{alfaro2021,
  author       = {Afaro, Carlos Oswaldo}, 
  title        = {Algoritmos genéticos},
  note         = {Actividad 2: Análisis y caracterización de las diferencias entre el sistema cognitivo humano y los sistemas artificiales en una función cognitiva concreta},
  year         = 2021
}

@book{gestal_2010,
  author = {Gestal, Marcos and Cebrián, Daniel and Rabuñal, Juan and Dorado, Julian and Pazos, Alejandro},
  year = {2010},
  title = {Introducción a los Algoritmos Genéticos y la Programación Genética},
  isbn = {978-84-9749-422-9}
}